@manual{intel2017man,
  author = {{Intel Corporation}},
  title = {Intel 64 and IA-32 Architectures Software Developerâ€™s Manual},
  year = {2016},
  month = apr,
  organization = {Intel Corporation},
  note = {\url{http://www.intel.com/content/www/us/en/processors/architectures-software-developer-manuals.html},
   visited 2017-08-19}
}
@inproceedings{ko2004related,
  title={Related key differential attacks on 27 rounds of XTEA and full-round GOST},
  author={Ko, Youngdai and Hong, Seokhie and Lee, Wonil and Lee, Sangjin and Kang, Ju-Sung},
  booktitle={International Workshop on Fast Software Encryption},
  pages={299--316},
  year={2004},
  organization={Springer}
  note = {https://link.springer.com/content/pdf/10.1007/978-3-540-25937-4_19.pdf}
}
@inproceedings{moon2002impossible,
  title={Impossible differential cryptanalysis of reduced round XTEA and TEA},
  author={Moon, Dukjae and Hwang, Kyungdeok and Lee, Wonil and Lee, Sangjin and Lim, Jongin},
  booktitle={International Workshop on Fast Software Encryption},
  pages={49--60},
  year={2002},
  organization={Springer}
  note = {https://link.springer.com/content/pdf/10.1007/3-540-45661-9_4.pdf}
}

@article{al2017programmable,
  title={Programmable SoC for an XTEA Encryption Algorithm Using a Co-Design Environment Replication Performance Approach},
  author={Al Meer, Mohamed H and others},
  journal={Journal of Computer and Communications},
  volume={5},
  number={11},
  pages={40},
  year={2017},
  publisher={Scientific Research Publishing}
  note{https://www.scirp.org/html/4-1730689_79197.htm}
}
@article{appel2016sicherheitsaspekte,
  title={Sicherheitsaspekte und Vergleich der Blockchiffren LED und TEA},
  author={Appel, Michael and Pauer, Christof and Wiesmaier, Alexander},
  year={2016}
}
@Comment{jabref-meta: databaseType:bibtex;}
